<?xml version="1.0" encoding="UTF-8"?><collection xmlns="http://www.loc.gov/MARC21/slim"><record><leader>00334nam--2200133-i-4500</leader><controlfield tag="001">000003363</controlfield><controlfield tag="002">20161230</controlfield><controlfield tag="005">20161230201025</controlfield><controlfield tag="008">060222s1000------------r-----000-0-eng-d</controlfield><datafield ind1=" " ind2=" " tag="100"><subfield code="a">Denis-Papin, Maurice</subfield></datafield><datafield ind1=" " ind2=" " tag="245"><subfield code="a">Mecanique et physique generale 4-e edition</subfield></datafield><datafield ind1=" " ind2=" " tag="260"><subfield code="a">Paris, Dunod, 1950</subfield></datafield><datafield ind1=" " ind2=" " tag="490"><subfield code="a">Xl+243p.+xlvip</subfield></datafield><datafield ind1=" " ind2=" " tag="852"><subfield code="a">53:531</subfield></datafield></record></collection>